
@article{metodKimball1,
  title={La metodolog{\'\i}a de Kimball para el dise{\~n}o de almacenes de datos (Data warehouses)},
  author={Rivadera, Gustavo},
  journal={Universidad Catolica de Salta},
  pages={56--71},
  year={2010}
}

@article{metodKimball2,
	title={Metodolog{\'\i}as para desarrollar Almac{\'e}n de Datos.},
	author={Leonard Brizuela, Eric Ismael and Castro Blanco, Yudi},
	journal={Revista de arquitectura e Ingenier{\'\i}a},
	volume={7},
	number={3},
	year={2013},
	publisher={Empresa de Proyectos de Arquitectura e Ingenier{\'\i}a de Matanzas}
}


@article{metodBillInmon1,
	title={Implementaci{\'o}n de un Data Mart como soluci{\'o}n de inteligencia de negocios, bajo la metodolog{\'\i}a de Ralph Kimball para optimizar la toma de decisiones en el Departamento de Finanzas de la Contralor{\'\i}a General de la Rep{\'u}blica},
	author={Rojas Zald{\'\i}var, Alejandro},
	year={2014},
	publisher={Universidad de San Mart{\'\i}n de Porres, Chiclayo, Per{\'u}}
}
